@article{askes2008,
	title = {Finite element analysis with staggered gradient elasticity },
	journal = {Computers \& Structures },
	volume = {86},
	number = {11–12},
	pages = {1266 - 1279},
	year = {2008},
	note = {},
	issn = {0045-7949},
	doi = {http://dx.doi.org/10.1016/j.compstruc.2007.11.002},
	url = {http://www.sciencedirect.com/science/article/pii/S0045794907002969},
	author = {Harm Askes and Irene Morata and Elias C. Aifantis},
	keywords = {Gradient elasticity},
	keywords = {Higher-order continuum},
	keywords = {Length scale},
	keywords = {Singularity},
	keywords = {Size effect},
	keywords = {Staggered solution }
}

@article{andreassen2011,
	title={Efficient topology optimization in MATLAB using 88 lines of code},
	year={2011},
	issn={1615-147X},
	journal={Structural and Multidisciplinary Optimization},
	volume={43},
	number={1},
	doi={10.1007/s00158-010-0594-7},
	url={http://dx.doi.org/10.1007/s00158-010-0594-7},
	publisher={Springer-Verlag},
	keywords={Topology optimization; MATLAB; Education; Computational efficiency},
	author={Erik Andreassen and Anders Clausen and Mattias Schevenels and Boyan S. Lazarov and Ole Sigmund},
	pages={1-16},
	language={English}
}

@article{sigmund2013,
	title={Topology optimization approaches},
	year={2013},
	issn={1615-147X},
	journal={Structural and Multidisciplinary Optimization},
	volume={48},
	number={6},
	doi={10.1007/s00158-013-0978-6},
	url={http://dx.doi.org/10.1007/s00158-013-0978-6},
	publisher={Springer Berlin Heidelberg},
	keywords={Structural optimization; Topology optimization; Density methods; Level set methods; Phase field methods; Topological derivatives},
	author={Sigmund, Ole and Maute, Kurt},
	pages={1031-1055},
	language={English}
}

@article{sigmund2012,
	title={Sensitivity filtering from a continuum mechanics perspective},
	year={2012},
	issn={1615-147X},
	journal={Structural and Multidisciplinary Optimization},
	volume={46},
	number={4},
	doi={10.1007/s00158-012-0814-4},
	url={http://dx.doi.org/10.1007/s00158-012-0814-4},
	publisher={Springer-Verlag},
	keywords={Topology optimization; Regularization; Filtering},
	author={Sigmund, Ole and Maute, Kurt},
	pages={471-475},
	language={English}
}

@article{benchmarks,
	title={Exact analytical solutions for some popular benchmark problems in topology optimization},
	year={1998},
	issn={0934-4373},
	journal={Structural optimization},
	volume={15},
	number={1},
	doi={10.1007/BF01197436},
	url={http://dx.doi.org/10.1007/BF01197436},
	publisher={Springer-Verlag},
	author={Rozvany, G.I.N.},
	pages={42-48},
	language={English}
}

@article {lazarov2011,
	title = {Filters in topology optimization based on Helmholtz-type differential equations},
	author = {Lazarov, B. S. and Sigmund, O.},
	journal = {International Journal for Numerical Methods in Engineering},
	volume = {86},
	number = {6},
	publisher = {John Wiley \& Sons, Ltd.},
	issn = {1097-0207},
	url = {http://dx.doi.org/10.1002/nme.3072},
	doi = {10.1002/nme.3072},
	pages = {765--781},
	keywords = {topology optimization, density filters, sensitivity filters, parallel computing},
	year = {2011},
}

@article {bourdin2001,
	title = {Filters in topology optimization},
	author = {Bourdin, Blaise},
	journal = {International Journal for Numerical Methods in Engineering},
	volume = {50},
	number = {9},
	publisher = {John Wiley \& Sons, Ltd.},
	issn = {1097-0207},
	url = {http://dx.doi.org/10.1002/nme.116},
	doi = {10.1002/nme.116},
	pages = {2143--2158},
	keywords = {topology optimization, regularization method, convolution, finite element approximation, existence of solutions},
	year = {2001},
}

@article{deaton2014,
	title={A survey of structural and multidisciplinary continuum topology optimization: post 2000},
	year={2014},
	issn={1615-147X},
	journal={Structural and Multidisciplinary Optimization},
	volume={49},
	number={1},
	doi={10.1007/s00158-013-0956-z},
	url={http://dx.doi.org/10.1007/s00158-013-0956-z},
	publisher={Springer Berlin Heidelberg},
	keywords={Topology optimization; Density methods; Level set; Evolutionary structural optimization; Phase field; Continuum topology},
	author={Deaton, Joshua D. and Grandhi, Ramana V.},
	pages={1-38},
	language={English}
}

@article{rozvany2009,
	title={A critical review of established methods of structural topology optimization},
	year={2009},
	issn={1615-147X},
	journal={Structural and Multidisciplinary Optimization},
	volume={37},
	number={3},
	doi={10.1007/s00158-007-0217-0},
	url={http://dx.doi.org/10.1007/s00158-007-0217-0},
	publisher={Springer-Verlag},
	keywords={Topology optimization; SIMP method; Stress constraints; Compliance constraints; Checkerboard control; Perforated plates; Trusses; Michell structures; SERA method; ESO method},
	author={Rozvany, G.I.N.},
	pages={217-237},
	language={English}
}

@article{aifantis2003,
title = "Update on a class of gradient theories ",
author = "E.C. Aifantis"
journal = "Mechanics of Materials ",
volume = "35",
number = "3–6",
pages = "259 - 280",
year = "2003",
note = "",
issn = "0167-6636",
doi = "http://dx.doi.org/10.1016/S0167-6636(02)00278-8",
url = "http://www.sciencedirect.com/science/article/pii/S0167663602002788",
}

@article{99line,
title={A 99 line topology optimization code written in Matlab},
year={2001},
issn={1615-147X},
journal={Structural and Multidisciplinary Optimization},
volume={21},
number={2},
doi={10.1007/s001580050176},
url={http://dx.doi.org/10.1007/s001580050176},
publisher={Springer-Verlag},
keywords={Key words: topology optimization, education, optimality criteria, world-wide web, Matlab code},
author={Sigmund, O.},
pages={120-127},
language={English}
}

@Misc{scipy,
  author =    {Eric Jones and Travis Oliphant and Pearu Peterson and others},
  title =     {{SciPy}: Open source scientific tools for {Python}},
  year =      {2001--},
  url = "http://www.scipy.org/",
  note = {[acesso em 2015-04-09]}
}

@ARTICLE{matplotlib, 
author={Hunter, J.D.}, 
journal={Computing in Science Engineering}, 
title={Matplotlib: A 2D Graphics Environment}, 
year={2007}, 
month={May}, 
volume={9}, 
number={3}, 
pages={90-95}, 
keywords={computer graphics;mathematics computing;object-oriented programming;software packages;2D graphics package;Matplotlib;Python;application development;interactive scripting;operating system;publication-quality image generation;user interface;Computer languages;Equations;Graphical user interfaces;Graphics;Image generation;Interpolation;Operating systems;Packaging;Programming profession;User interfaces;Python;application development;scientific programming;scripting languages}, 
doi={10.1109/MCSE.2007.55}, 
ISSN={1521-9615}
}

@article{ru1993,
title={A simple approach to solve boundary-value problems in gradient elasticity},
year={1993},
issn={0001-5970},
journal={Acta Mechanica},
volume={101},
number={1-4},
doi={10.1007/BF01175597},
url={http://dx.doi.org/10.1007/BF01175597},
publisher={Springer-Verlag},
author={Ru, C.Q. and Aifantis, E.C.},
pages={59-68},
language={English}
}

@article{sigmund1998,
title={Numerical instabilities in topology optimization: A survey on procedures dealing with checkerboards, mesh-dependencies and local minima},
year={1998},
issn={0934-4373},
journal={Structural optimization},
volume={16},
number={1},
doi={10.1007/BF01214002},
url={http://dx.doi.org/10.1007/BF01214002},
publisher={Springer-Verlag},
author={Sigmund, O. and Petersson, J.},
pages={68-75},
language={English}
}

@book{bendsoetopology,
  title={Topology Optimization: Theory, Methods and Applications},
  author={Bendsoe, M.P. and Sigmund, O.},
  isbn={9783540429920},
  lccn={2002030512},
  series={Engineering online library},
  url={http://books.google.com.br/books?id=NGmtmMhVe2sC},
  year={2003},
  publisher={Springer}
}
